@misc{ai-wikipedia,
  author={Wikipedia},
  title={K端nstliche Intelligenz},
  url={https://de.wikipedia.org/wiki/K%C3%BCnstliche_Intelligenz},
  urldate={2023-04-20},
  year={2023}
}

@book{example,
  title={The Title of the Book},
  author={The Author},
  publisher={The Publisher},
  year={2017},
}

@online{whitepaper,
title={Ethik und k端nstliche Intelligenz},
author={DIN, DKE},
url={https://www.din.de/resource/blob/754724/00dcbccc21399e13872b2b6120369e74/whitepaper-ki-ethikaspekte-data.pdf},
year={2020},
urldate={2024-05-31},
}

@online{kuensliche-intelligenz-und-ethik,
title={K端nstliche Intelligenz und
Ethik},
author={Claus Beisbart},
url={https://www.digitale-nachhaltigkeit.unibe.ch/unibe/portal/fak_naturwis/a_dept_math/c_iinfamath/abt_digital/content/e90958/e994431/e1001239/e1008805/DigitaleNachhaltigkeitHS2020-06KIundEthik-ClausBeisbart_ger.pdf},
year={2020},
urldate={2020-10-21},
}

@online{unesco-ai,
title={UNESCOEmpfehlung
zur Ethik
K端nstlicher
Intelligenz},
author={Prof. Dr. Matthias C. Kettemann},
url={https://www.unesco.de/sites/default/files/2022-03/DUK_Broschuere_KI-Empfehlung_DS_web_final.pdf},
year={2021},
urldate={2024-05-31},
}

@online{chatgpt,
title={Chatgpt},
author={OpenAI},
url={https://chatgpt.com},
year={2024},
urldate={2024-05-31},
}